<marc:record xmlns:marc="http://www.loc.gov/MARC21/slim" xmlns:xsi="http://www.w3.org/2001/XMLSchema-instance" xsi:schemaLocation="http://www.loc.gov/MARC21/slim http://www.loc.gov/standards/marcxml/schema/MARC21slim.xsd">
  <marc:leader>     cam a2200301 a 45M</marc:leader>
  <marc:controlfield tag="001">001367186</marc:controlfield>
  <marc:controlfield tag="003">NNU</marc:controlfield>
  <marc:controlfield tag="005">20061010173033.0</marc:controlfield>
  <marc:controlfield tag="008">980317s1964    iq            000 1 arard</marc:controlfield>
  <marc:datafield tag="010" ind1=" " ind2=" ">
    <marc:subfield code="a">ne 67000932</marc:subfield>
  </marc:datafield>
  <marc:datafield tag="025" ind1=" " ind2=" ">
    <marc:subfield code="a">PL480:UAR-8151</marc:subfield>
  </marc:datafield>
  <marc:datafield tag="035" ind1="9" ind2=" ">
    <marc:subfield code="a">NYUb11780289</marc:subfield>
  </marc:datafield>
  <marc:datafield tag="035" ind1=" " ind2=" ">
    <marc:subfield code="a">(CStRLIN)NYUG98-B887</marc:subfield>
  </marc:datafield>
  <marc:datafield tag="040" ind1=" " ind2=" ">
    <marc:subfield code="a">DLC</marc:subfield>
    <marc:subfield code="c">WAU</marc:subfield>
    <marc:subfield code="d">WAU</marc:subfield>
    <marc:subfield code="d">CU-SB</marc:subfield>
    <marc:subfield code="d">NNU</marc:subfield>
  </marc:datafield>
  <marc:datafield tag="050" ind1="0" ind2=" ">
    <marc:subfield code="a">PJ7711</marc:subfield>
    <marc:subfield code="b">.B8 1964</marc:subfield>
  </marc:datafield>
  <marc:datafield tag="066" ind1=" " ind2=" ">
    <marc:subfield code="c">(3</marc:subfield>
  </marc:datafield>
  <marc:datafield tag="090" ind1=" " ind2=" ">
    <marc:subfield code="a">PJ7711</marc:subfield>
    <marc:subfield code="b">.B8 1964</marc:subfield>
  </marc:datafield>
  <marc:datafield tag="130" ind1="0" ind2=" ">
    <marc:subfield code="a">Arabian nights.</marc:subfield>
  </marc:datafield>
  <marc:datafield tag="245" ind1="1" ind2="0">
    <marc:subfield code="6">01</marc:subfield>
    <marc:subfield code="a">Alf laylah wa-laylah /</marc:subfield>
    <marc:subfield code="c">muqābalah wa-taṣḥīḥ Muḥammad Qiṭṭah ʻAdawī.</marc:subfield>
  </marc:datafield>
  <marc:datafield tag="245" ind1="1" ind2="0">
    <marc:subfield code="6">01</marc:subfield>
    <marc:subfield code="a">الف ليلة وليلة /</marc:subfield>
    <marc:subfield code="c">مقابلة وتصحيح محمد قطة العدوي.</marc:subfield>
  </marc:datafield>
  <marc:datafield tag="246" ind1="3" ind2=" ">
    <marc:subfield code="a">Alif laila wa laila</marc:subfield>
  </marc:datafield>
  <marc:datafield tag="246" ind1="3" ind2=" ">
    <marc:subfield code="a">Book of a thousand and one night</marc:subfield>
  </marc:datafield>
  <marc:datafield tag="260" ind1=" " ind2=" ">
    <marc:subfield code="6">02</marc:subfield>
    <marc:subfield code="a">Baghdād :</marc:subfield>
    <marc:subfield code="b">Maktabat al-Muthanná,</marc:subfield>
    <marc:subfield code="c">[1964?]</marc:subfield>
  </marc:datafield>
  <marc:datafield tag="260" ind1=" " ind2=" ">
    <marc:subfield code="6">02</marc:subfield>
    <marc:subfield code="a">بغداد :</marc:subfield>
    <marc:subfield code="b">مكتبة المثنى،</marc:subfield>
    <marc:subfield code="c">[1964?]</marc:subfield>
  </marc:datafield>
  <marc:datafield tag="300" ind1=" " ind2=" ">
    <marc:subfield code="a">2 v. ;</marc:subfield>
    <marc:subfield code="c">29 cm.</marc:subfield>
  </marc:datafield>
  <marc:datafield tag="500" ind1=" " ind2=" ">
    <marc:subfield code="a">Reprint. Originally published: al-Ṭabʻah 1. Būlāq : Maṭbaʻat Būlāq, 1252 [1836 or 1837]</marc:subfield>
  </marc:datafield>
  <marc:datafield tag="700" ind1="1" ind2=" ">
    <marc:subfield code="a">ʻAdawī, Muḥammad Qiṭṭah</marc:subfield>
    <marc:subfield code="6">03</marc:subfield>
  </marc:datafield>
  <marc:datafield tag="700" ind1="1" ind2=" ">
    <marc:subfield code="6">03</marc:subfield>
    <marc:subfield code="a">عدوي، محمد قطة.</marc:subfield>
  </marc:datafield>
  <marc:datafield tag="998" ind1=" " ind2=" ">
    <marc:subfield code="a">20020222</marc:subfield>
    <marc:subfield code="d">19980317</marc:subfield>
    <marc:subfield code="d">20020420</marc:subfield>
    <marc:subfield code="n">NNU</marc:subfield>
    <marc:subfield code="s">1</marc:subfield>
    <marc:subfield code="t">c</marc:subfield>
    <marc:subfield code="z">e</marc:subfield>
  </marc:datafield>
</marc:record>
